    
@misc{if781,
  title={Empreendimentos em informatica},
  author={Prof. Fabio Queda},
  URL={http://cin.ufpe.br/~if781/conteudo.html}
}
@misc{cult,
    title={CulturadeInovacao},
    author={Terra Forum Consultores},
    URL={http://cin.ufpe.br/~if781/material/CulturadeInovacao.pdf}}
}
@misc{inov,
  title={IdeacaoProducaoIdeias},
  author={Terra Forum Consultores},
  URL={http://cin.ufpe.br/~if781/material/IdeacaoProducaoIdeias.pdf}
}
@misc{gest,
  title={ProcessosCriativos},
  author={Terra Forum Consultores},
  URL={http://cin.ufpe.br/~if781/material/ProcessosCriativos.pdf}
}
@misc{graf,
  title={Gráfico demonstrando o processo de inovação},
  author={Terra Forum Consultores},
  URL={https://prnt.sc/njn2dg}
}
@misc{imgs,
  title={Imagens de inovações criadas usando os mesmos métodos ensinados na cadeira},
  author={Terra Forum Consultores},
  URL={https://prnt.sc/njn46u}
}