@misc {referenciaDisciplina1,
title = {Site oficial da disciplina (Objetivos)},
author={Professor Djamel Sadok},
url = {http://www.cin.ufpe.br/~if738/},
organization={Professor Djamel Sadok, CIn-UFPE. Site oficial da disciplina}
}

@misc {referenciaDisciplina2,
title = {Slide Modelo OSI, TCP, IP},
author={Professor Djamel Sadok},
url = {http://www.cin.ufpe.br/~if738/arquivos/aulas/PDF/Modelo_OSI_TCP_IP.pdf},
organization={Professor Djamel Sadok}
}

@misc {referenciaDisciplina3,
title = {Slide apresentação da disciplina},
author={Professor Djamel Sadok},
url = {http://www.cin.ufpe.br/~if738/arquivos/aulas/PDF/Apresentacao_Disciplina.pdf},
organization={Professor Djamel Sadok, CIn-UFPE. Site oficial da disciplina (Apresentação)}
}

@misc {networkWorld,
title = {The OSI model explained},
author={Keith Shaw},
url = {https://www.networkworld.com/article/3239677/the-osi-model-explained-how-to-understand-and-remember-the-7-layer-network-model.html},
publisher={Site Network World}
}

@misc {networks,
title = {Types of Networks},
author={Paul Zandbergen},
url = {https://study.com/academy/lesson/types-of-networks-lan-wan-wlan-man-san-pan-epn-vpn.html},
publisher={Site Study}
}

@misc {networkImportance,
author={Carmen Steele},
title = {Why is Computer Networking Important?},
url = {http://www.digitaldividecouncil.com/why-is-computer-networking-important},
publisher = {Digital Divide Council}
}

@misc {infraComunicacao,
title = {Site oficial da disciplina},
author={Paulo Gonçalves},
url={http://www.cin.ufpe.br/~pasg/if678/if678.html},
publisher={Professor Paulo Gonçalves}
}

@misc {gerenciamentoDados,
title = {Site oficial da disciplina},
author={Fernando da Fonseca},
url = {http://www.cin.ufpe.br/~if685},
publisher={Professor Fernando da Fonseca}
}

@misc {imagem,
title = {Internet (figure 1)},
author={It-bari},
url = {https://www.it-bari.net/wp-content/uploads/2018/04/internet-e1523292214401.jpg},
publisher={It-bari}
}
