@misc{r1,
  title={Programação Funcional (IF708)},
  url={https://sites.google.com/a/cin.ufpe.br/if708/home}
}
@misc{r2,
  title={Introdução a Programação (IF669)},
  url={https://sites.google.com/a/cin.ufpe.br/if669/}
}
@misc{r3,
  title={Paradigmas em Linguagens de Programação (IF686)},
  url={https://sites.google.com/a/cin.ufpe.br/if686/}
}
@misc{r4,
  title={Linguagem Haskell},
  url={https://www.haskell.org/}
}
@misc{r5,
  title={Melhorar em linguagem funcional},
  url={http://www.drdobbs.com/tools/its-time-to-get-good-at-functional-progr/212201710?pgno=2}
}
@misc{r6,
  title={Matemática Discreta (IF670)},
  url={http://cin.ufpe.br/~if670/}
}
@image{i1,
title={Programação Funcional},
url={https://torchgrowth.com/wp-content/uploads/2018/06/bigstock-Functional-Programming-Code-231296137-1184x978.jpg}
}

