
@online {introducaoamultimidia,
title = {Site da disciplina IF687},
url = {http://www.cin.ufpe.br/~if687/},
author = {Professora Judith Kelner}
}
@online {perfilcurricular,
title = {Currículo do Curso de Ciência da Computação},
author = {Pro-reitoria para Assuntos Acadêmicos},
url = {https://www.ufpe.br/documents/38970/411209/ciencia_computacao_perfil_2002.pdf/09862676-8330-4642-af94-6ec9e8607a62},
publisher = {UFPE}
}
@online {secgrad,
title = {Código das Disciplinas},
author = {Secretaria de Graduação - Centro de Informática (UFPE)},
url = {https://sites.google.com/site/secgradcin/ciencia-da-computacao/codigos-das-disciplinas}
}
@online {computacaomusical,
title = {Site da disciplina IF754},
url = {http://www.cin.ufpe.br/~musica/},
author = {Professor Geber Ramalho}
}
@online{cinwiki,
title = {CInWiki},
author = {PET-Informática},
url = {https://cin.ufpe.br/~pet/wiki/P%C3%A1gina_principal},
publisher = {CIn UFPE}
}
@online{imagem,
title = {Imagem representando Realidade Virtual},
url = {https://www.google.com.br/search?q=realidade+virtual&source=lnms&tbm=isch&sa=X&ved=0ahUKEwim8fHzp4DiAhWUGbkGHfenAjoQ_AUIESgE&biw=1440&bih=821#imgrc=ccBsf5qm7olokM:}
}

