@book{CO,
  title = {Computer Organization and Design RISC - V Edition},
  author = {David Patterson e John Hennessy},
  isbn={0128122757},
  year={2017},
  publisher={Morgan Kaufmann}
}
@book{OP,
  title = {Organização e Projeto de Computadores: A interface Hardware/Software - 3rd Edition},
  author = {David Patterson e John Hennessy},
  isbn={8535215212},
  year={2005},
  publisher={Campus}
}
@book{AO,
  title = {Arquitetura e Organização de Computadores - 5th Edition},
  author = {William Stallings},
  isbn={9788587918536},
  year={2002},
  publisher={Pearson - Education}
}
@misc{img,
  title = {MOS Technologies},
  howpublished = {https://commons.wikimedia.org/wiki/File:MOS_Technologies_large.jpg},
  date = {10/12/2005}
}