@misc{ Introd, 
title ={site referente a cadeira "Interfaces Usuário-Máquina"},
url= {https://cin.ufpe.br/~pet/wiki/Interfaces_Usu%C3%A1rio-M%C3%A1quina},
author = {PET Informática}
}

@misc{ Introd1, 
title ={site referente a cadeira "Interfaces Usuário-Máquina"},
url= {https://www.devmedia.com.br/introducao-a-interface-homem-maquina/24013},
author = {Devmedia}
}

@misc{ Imagem, 
title ={Relação homem e interface},
url= {https://coolhaus.files.wordpress.com/2012/05/iron1.jpg},
author = {Mavel Studios}
}

@misc{ Objetivo, 
title ={site referente a cadeira "Interfaces Usuário-Máquina"},
url= {https://cin.ufpe.br/~pet/wiki/Interfaces_Usu%C3%A1rio-M%C3%A1quina},
author = {PET Informática}
}

@misc{ Importancia,
title ={Relevâcia da cadeira},
url= {http://tiqx.blogspot.com/2012/02/compreenda-importancia-da-interacao.html},
author = {Ana Paula Santos}
}

@misc{ IF669, 
title ={if669},
url= {https://www.cin.ufpe.br/~pet/wiki/Introdução_a_Programação},
author = {PET Informática}
}
