@misc{3,
 title = {Total de incidentes reportados ao CERT.br entre 1999 e 2018.},
 url = {https://www.cert.br/stats/incidentes/incidentes.png},
 organization = {AbnTeX},
 urlaccessdate = {02 mai. 2019}
}
@article{1,
  author = {Conceito.de},
 title = {Conceito de Rede de Computadores},
 note = {https://conceito.de/rede-de-computadores. [Online; acessado 02-Maio-2019]},
 url = {https://conceito.de/rede-de-computadores},
 urlaccessdate = {5 mai. 2019}}

 @article{2,
 author = {Alerta Security},
 title = {Segurança de redes: a importância de ter uma boa gestão e controle},
 note = {https://alertasecurity.com.br/blog/253-seguranca-de-redes-a-importancia-de-ter-uma-boa-gestao-e-controle. [Online; acessado 02-Maio-2019]},
 url = {https://alertasecurity.com.br/blog/253-seguranca-de-redes-a-importancia-de-ter-uma-boa-gestao-e-controle},
 urlaccessdate={5 mai. 2019}}
 
@article{four,
author = {Roberto Akio Mitshashi},
title = {Segurança de Sistemas},
note = {Página 6. [Online; acessado 02-Maio-2019]},
url = {http://www.fatecsp.br/dti/tcc/tcc0017.pdf},
urlaccessdate = {5 mai. 2019}}
 

@misc{6,
 title = {IF685 - Gerenciamento de Dados e Informação.},
 note = {http://www.cin.ufpe.br/~if685/. [Online; acessado 05-Maio-2019]},
 url = {http://www.cin.ufpe.br/~if685/},
 urlaccessdate = {03 maio 2019}}
