 @misc{ wiki:1,
   author = "Wikipédia",
   title = "Rede neural artificial --- Wikipédia{,} a enciclopédia livre",
   year = "2019",
   url = "\url{https://pt.wikipedia.org/w/index.php?title=Rede_neural_artificial&oldid=54685227}",
   note = "[Online; accessed 02-April-2019]"
 }
 
 @misc{site2,
 author = "{Softwares & Soluções de Analytics}",
 title = "{Redes Neurais - o que são e qual sua importância?}",
 howpublished = "\url{https://www.sas.com/pt_br/insights/analytics/neural-networks.html}",
 note = "[Online; accessed 02-May-2019]",

 }
 
 @misc{disciplina,
 author = "Germano C. Vasconcelos",
 title = "Conteúdo 1: Introdução e Fundamentos Matemáticos. Livros (1) e (2).",
 howpublished = "\url{http://www.di.ufpe.br/~gcv/web_lci/Aula-introducao.pdf}",
 note = "[Online; accessed 02-May-2019]",
 }